%%% CONFERENCES %%%%%%%%%%%%%%%%%%%%%%%%%%%%%%%%%%%%%%%%%%%%%%%%%%%%%%%%%

@conference{Ful83,
   author = "William Fulton",
    title = "Introduction to intersection theory in algebraic geometry",
booktitle = "Regional Conference Series in Mathematics",
   number = 54,
     year = 1983}
     
%%% PROCEEDINGS %%%%%%%%%%%%%%%%%%%%%%%%%%%%%%%%%%%%%%%%%%%%%%%%%%%%%%%%%
     
@inproceedings{GMP81,
   author = "Mark Goresky and Robert MacPherson",
    title = "On the topology of complex algebraic maps",
booktitle = "Algebraic Geometry Proceedings, La R\'abida,
             Lecture Notes in Mathematics",
   number = 961,
     year = 1981}    

%%% THESES %%%%%%%%%%%%%%%%%%%%%%%%%%%%%%%%%%%%%%%%%%%%%%%%%%%%%%%%%%%%%%

@phdthesis{Pat85,
  author = "V. Pati",
   title = "What is the title??",
  school = "Princeton",
    year = 1985}
         
%%% PREPRINTS %%%%%%%%%%%%%%%%%%%%%%%%%%%%%%%%%%%%%%%%%%%%%%%%%%%%%%%%%%%
     
@unpublished{PP98,
  author = "Adam Parusi\'nski and Piotr Pragacz",
   title = "Characteristic classes of hypersurfaces and characteristic cycles",
    note = "preprint",
   month = "January",
    year = 1998}

%%% ARTICLES and BOOKS %%%%%%%%%%%%%%%%%%%%%%%%%%%%%%%%%%%%%%%%%%%%%%%%%%%%%%%%%%%%

@article{gulliver1976,
    author  = "Robert Gulliver",
    title   = "Removability of Singular points on Surfaces of Bounded Mean Curvature",
    year    = "1976",
    journal = "The Journal of Differential Geometry",
    volume  = "11",
    pages   = "345-350"
}

@book{coldingminicozzi1999,
    author  = "T.H. Colding and W.P. Minicozzi",
    title   = "Minimal Surfaces",
    publisher = "Courant Lecture Notes in Math",
    year    = "1999"
}
